<?xml version="1.0" encoding="UTF-8"?><collection xmlns="http://www.loc.gov/MARC21/slim"><record><leader>00467nam--2200133-i-4500</leader><controlfield tag="001">000011838</controlfield><controlfield tag="002">20161230</controlfield><controlfield tag="005">20161230201029</controlfield><controlfield tag="008">060222s1000------------r-----000-0-eng-d</controlfield><datafield ind1=" " ind2=" " tag="245"><subfield code="a">Digital system design automation: languages, simulation &amp; data base. contributing authors: m.h.macdougall, donald dietmeyer, james r.diley/s.a.</subfield></datafield><datafield ind1=" " ind2=" " tag="260"><subfield code="a">Woodland Hills, Computer Science Press, Inc., 1975</subfield></datafield><datafield ind1=" " ind2=" " tag="490"><subfield code="a">Xiii+417p</subfield></datafield><datafield ind1=" " ind2=" " tag="700"><subfield code="a">Breuer, Melvina A</subfield></datafield><datafield ind1=" " ind2=" " tag="852"><subfield code="a">681.3.02:62-52</subfield></datafield></record></collection>